
@inproceedings{PS,
 author = {Guillaume Poupard and Jacques Stern},
 title = {On the fly signatures based on factoring},
 booktitle = {CCS '99: Proceedings of the 6th ACM conference on Computer and communications security},
 year = {1999},
 isbn = {1-58113-148-8},
 pages = {37--45},
 location = {Kent Ridge Digital Labs, Singapore},
 doi = {http://doi.acm.org/10.1145/319709.319715},
 publisher = {ACM Press},
 address = {New York, NY, USA},
 }

@inproceedings{ZK,
 author = {U. Fiege and A. Fiat and A. Shamir},
 title = {Zero knowledge proofs of identity},
 booktitle = {STOC '87: Proceedings of the nineteenth annual ACM conference on Theory of computing},
 year = {1987},
 isbn = {0-89791-221-7},
 pages = {210--217},
 location = {New York, New York, United States},
 doi = {http://doi.acm.org/10.1145/28395.28419},
 publisher = {ACM Press},
 address = {New York, NY, USA},
 }

@inproceedings{22178,
 author = {S Goldwasser and S Micali and C Rackoff},
 title = {The knowledge complexity of interactive proof-systems},
 booktitle = {STOC '85: Proceedings of the seventeenth annual ACM symposium on Theory of computing},
 year = {1985},
 isbn = {0-89791-151-2},
 pages = {291--304},
 location = {Providence, Rhode Island, United States},
 doi = {http://doi.acm.org/10.1145/22145.22178},
 publisher = {ACM Press},
 address = {New York, NY, USA},
 }

@article{PointchevalS00,
  author    = {David Pointcheval and
               Jacques Stern},
  title     = {Security Arguments for Digital Signatures and Blind Signatures.},
  journal   = {J. Cryptology},
  volume    = {13},
  number    = {3},
  year      = {2000},
  pages     = {361-396},
  ee        = {http://link.springer.de/link/service/journals/00145/contents/00/10003/},
  bibsource = {DBLP, http://dblp.uni-trier.de}
}

@inproceedings{SternS03,
  author    = {Jacques Stern and
               Julien P. Stern},
  title     = {Cryptanalysis of the OTM Signature Scheme from FC'02.},
  booktitle = {Financial Cryptography},
  year      = {2003},
  pages     = {138-148},
  ee        = {http://springerlink.metapress.com/openurl.asp?genre=article{\&}issn=0302-9743{\&}volume=2742{\&}spage=138},
  bibsource = {DBLP, http://dblp.uni-trier.de}
}

@article{gps,
    journal = {Journal of Cryptology},
    title   = {On the Fly Authentication and Signature Schemes Based on Groups of Unknown Order},
    volume  = {Volume 19},
    issue   = {4},
    pages   = {463,487},
    year    = {2006},
    author  = {Marc Girault and Guillaume Poupard and Jacques Stern},
    ee      = {http://www.springerlink.com/content/7457715h355uu623}
}